@Manual{base,
title = {{R}: A Language and Environment for Statistical Computing},
  author = {{R Core Team}},
  organization = {R Foundation for Statistical Computing},
  address = {Vienna, Austria},
  year = {2025},
  url = {https://www.R-project.org/},
}
@Manual{broommixed,
title = {{broom.mixed}: Tidying Methods for Mixed Models},
  author = {Ben Bolker and David Robinson},
  year = {2024},
  note = {R package version 0.2.9.6},
  url = {https://CRAN.R-project.org/package=broom.mixed},
  doi = {10.32614/CRAN.package.broom.mixed},
}
@Book{car,
  title = {An {R} Companion to Applied Regression},
  edition = {Third},
  author = {John Fox and Sanford Weisberg},
  year = {2019},
  publisher = {Sage},
  address = {Thousand Oaks {CA}},
  url = {https://www.john-fox.ca/Companion/},
}
@Manual{flextable,
title = {{flextable}: Functions for Tabular Reporting},
  author = {David Gohel and Panagiotis Skintzos},
  year = {2025},
  note = {R package version 0.9.8},
  url = {https://CRAN.R-project.org/package=flextable},
  doi = {10.32614/CRAN.package.flextable},
}
@Manual{ggmosaic,
title = {{ggmosaic}: Mosaic Plots in the `{ggplot2}' Framework},
  author = {Haley Jeppson and Heike Hofmann and Di Cook},
  year = {2021},
  note = {R package version 0.3.3},
  url = {https://CRAN.R-project.org/package=ggmosaic},
  doi = {10.32614/CRAN.package.ggmosaic},
}
@Manual{gt,
title = {{gt}: Easily Create Presentation-Ready Display Tables},
  author = {Richard Iannone and Joe Cheng and Barret Schloerke and Ellis Hughes and Alexandra Lauer and JooYoung Seo and Ken Brevoort and Olivier Roy},
  year = {2025},
  note = {R package version 1.0.0},
  url = {https://CRAN.R-project.org/package=gt},
  doi = {10.32614/CRAN.package.gt},
}
@Manual{here,
title = {{here}: A Simpler Way to Find Your Files},
  author = {Kirill Müller},
  year = {2020},
  note = {R package version 1.0.1},
  url = {https://CRAN.R-project.org/package=here},
  doi = {10.32614/CRAN.package.here},
}
@Article{hillR,
title = {{hillR}: taxonomic, functional, and phylogenetic diversity and similarity through Hill Numbers},
  author = {Daijiang Li},
  journal = {Journal of Open Source Software},
  year = {2018},
  volume = {3},
  number = {31},
  pages = {1041},
  url = {https://doi.org/10.21105/joss.01041},
}
@Manual{iNEXT2024,
title = {{iNEXT}: Interpolation and Extrapolation for Species Diversity},
  author = {T. C. Hsieh and K. H. Ma and Anne Chao},
  year = {2024},
  note = {R package version 3.0.1},
  url = {http://chao.stat.nthu.edu.tw/wordpress/software_download/},
}

@Article{iNEXT2014,
  title = {Rarefaction and extrapolation with Hill numbers: a framework for sampling and estimation in species diversity studies},
  author = {Anne Chao and Nicholas J. Gotelli and T. C. Hsieh and Elizabeth L. Sander and K. H. Ma and Robert K. Colwell and Aaron M. Ellison},
  journal = {Ecological Monographs},
  year = {2014},
  volume = {84},
  pages = {45--67},
}
@Manual{kableExtra,
title = {{kableExtra}: Construct Complex Table with `{kable}' and Pipe Syntax},
  author = {Hao Zhu},
  year = {2024},
  note = {R package version 1.4.0},
  url = {https://CRAN.R-project.org/package=kableExtra},
  doi = {10.32614/CRAN.package.kableExtra},
}
@Manual{knitr2025,
title = {{knitr}: A General-Purpose Package for Dynamic Report Generation in {R}},
  author = {Yihui Xie},
  year = {2025},
  note = {R package version 1.50},
  url = {https://yihui.org/knitr/},
}

@Book{knitr2015,
  title = {Dynamic Documents with {R} and knitr},
  author = {Yihui Xie},
  publisher = {Chapman and Hall/CRC},
  address = {Boca Raton, Florida},
  year = {2015},
  edition = {2nd},
  note = {ISBN 978-1498716963},
  url = {https://yihui.org/knitr/},
}

@InCollection{knitr2014,
  booktitle = {Implementing Reproducible Computational Research},
  editor = {Victoria Stodden and Friedrich Leisch and Roger D. Peng},
title = {{knitr}: A Comprehensive Tool for Reproducible Research in {R}},
  author = {Yihui Xie},
  publisher = {Chapman and Hall/CRC},
  year = {2014},
  note = {ISBN 978-1466561595},
}
@Book{lattice,
title = {{Lattice}: Multivariate Data Visualization with R},
  author = {Deepayan Sarkar},
  year = {2008},
  publisher = {Springer},
  address = {New York},
  isbn = {978-0-387-75968-5},
  url = {http://lmdvr.r-forge.r-project.org},
}
@Manual{librarian,
title = {{librarian}: Install, Update, Load Packages from CRAN, `{GitHub}', and
`{Bioconductor}' in One Step},
  author = {Desi Quintans},
  year = {2021},
  note = {R package version 1.8.1},
  url = {https://CRAN.R-project.org/package=librarian},
  doi = {10.32614/CRAN.package.librarian},
}
@Article{lme4,
  title = {Fitting Linear Mixed-Effects Models Using {lme4}},
  author = {Douglas Bates and Martin M{\"a}chler and Ben Bolker and Steve Walker},
  journal = {Journal of Statistical Software},
  year = {2015},
  volume = {67},
  number = {1},
  pages = {1--48},
  doi = {10.18637/jss.v067.i01},
}
@Manual{permute,
title = {{permute}: Functions for Generating Restricted Permutations of Data},
  author = {Gavin L. Simpson},
  year = {2022},
  note = {R package version 0.9-7},
  url = {https://CRAN.R-project.org/package=permute},
  doi = {10.32614/CRAN.package.permute},
}
@Manual{rmarkdown2024,
title = {{rmarkdown}: Dynamic Documents for R},
  author = {JJ Allaire and Yihui Xie and Christophe Dervieux and Jonathan McPherson and Javier Luraschi and Kevin Ushey and Aron Atkins and Hadley Wickham and Joe Cheng and Winston Chang and Richard Iannone},
  year = {2024},
  note = {R package version 2.29},
  url = {https://github.com/rstudio/rmarkdown},
}

@Book{rmarkdown2018,
  title = {R Markdown: The Definitive Guide},
  author = {Yihui Xie and J.J. Allaire and Garrett Grolemund},
  publisher = {Chapman and Hall/CRC},
  address = {Boca Raton, Florida},
  year = {2018},
  isbn = {9781138359338},
  url = {https://bookdown.org/yihui/rmarkdown},
}

@Book{rmarkdown2020,
  title = {R Markdown Cookbook},
  author = {Yihui Xie and Christophe Dervieux and Emily Riederer},
  publisher = {Chapman and Hall/CRC},
  address = {Boca Raton, Florida},
  year = {2020},
  isbn = {9780367563837},
  url = {https://bookdown.org/yihui/rmarkdown-cookbook},
}
@Manual{sjPlot,
title = {{sjPlot}: Data Visualization for Statistics in Social Science},
  author = {Daniel Lüdecke},
  year = {2024},
  note = {R package version 2.8.17},
  url = {https://CRAN.R-project.org/package=sjPlot},
}
@Manual{vegan,
title = {{vegan}: Community Ecology Package},
  author = {Jari Oksanen and Gavin L. Simpson and F. Guillaume Blanchet and Roeland Kindt and Pierre Legendre and Peter R. Minchin and R.B. O'Hara and Peter Solymos and M. Henry H. Stevens and Eduard Szoecs and Helene Wagner and Matt Barbour and Michael Bedward and Ben Bolker and Daniel Borcard and Gustavo Carvalho and Michael Chirico and Miquel {De Caceres} and Sebastien Durand and Heloisa Beatriz Antoniazi Evangelista and Rich FitzJohn and Michael Friendly and Brendan Furneaux and Geoffrey Hannigan and Mark O. Hill and Leo Lahti and Dan McGlinn and Marie-Helene Ouellette and Eduardo {Ribeiro Cunha} and Tyler Smith and Adrian Stier and Cajo J.F. {Ter Braak} and James Weedon and Tuomas Borman},
  year = {2025},
  note = {R package version 2.6-10},
  url = {https://CRAN.R-project.org/package=vegan},
  doi = {10.32614/CRAN.package.vegan},
}
@Article{tidyverse,
  title = {Welcome to the {tidyverse}},
  author = {Hadley Wickham and Mara Averick and Jennifer Bryan and Winston Chang and Lucy D'Agostino McGowan and Romain François and Garrett Grolemund and Alex Hayes and Lionel Henry and Jim Hester and Max Kuhn and Thomas Lin Pedersen and Evan Miller and Stephan Milton Bache and Kirill Müller and Jeroen Ooms and David Robinson and Dana Paige Seidel and Vitalie Spinu and Kohske Takahashi and Davis Vaughan and Claus Wilke and Kara Woo and Hiroaki Yutani},
  year = {2019},
  journal = {Journal of Open Source Software},
  volume = {4},
  number = {43},
  pages = {1686},
  doi = {10.21105/joss.01686},
}
